<?xml version="1.0" encoding="UTF-8"?><record xmlns="http://www.loc.gov/MARC21/slim" xmlns:cinclude="http://apache.org/cocoon/include/1.0" xmlns:zs="http://www.loc.gov/zing/srw/">
  <leader>00903cz  a2200193n  4500</leader>
  <controlfield tag="001">n  79085988 </controlfield>
  <controlfield tag="003">DLC</controlfield>
  <controlfield tag="005">20160902145409.0</controlfield>
  <controlfield tag="008">790731n| azannaabn          |a aaa      </controlfield>
  <datafield tag="010" ind1=" " ind2=" ">
    <subfield code="a">n  79085988 </subfield>
  </datafield>
  <datafield tag="035" ind1=" " ind2=" ">
    <subfield code="a">(OCoLC)oca00318456</subfield>
  </datafield>
  <datafield tag="040" ind1=" " ind2=" ">
    <subfield code="a">DLC</subfield>
    <subfield code="b">eng</subfield>
    <subfield code="e">rda</subfield>
    <subfield code="c">DLC</subfield>
    <subfield code="d">DLC</subfield>
    <subfield code="d">InU</subfield>
    <subfield code="d">DLC</subfield>
  </datafield>
  <datafield tag="046" ind1=" " ind2=" ">
    <subfield code="f">1923</subfield>
    <subfield code="g">1997</subfield>
    <subfield code="2">edtf</subfield>
  </datafield>
  <datafield tag="100" ind1="1" ind2=" ">
    <subfield code="a">Golanskiĭ, M. M.</subfield>
    <subfield code="q">(Mark Mikhaĭlovich)</subfield>
  </datafield>
  <datafield tag="400" ind1="1" ind2=" ">
    <subfield code="w">nnea</subfield>
    <subfield code="a">Golanskiĭ, Mark Mikhaĭlovich</subfield>
  </datafield>
  <datafield tag="400" ind1="1" ind2=" ">
    <subfield code="a">Golansky, Mark</subfield>
  </datafield>
  <datafield tag="670" ind1=" " ind2=" ">
    <subfield code="a">His Samorazvivai︠u︡shchiesi︠a︡ sistemy v ėkon. analize i planirovanii, 1978:</subfield>
    <subfield code="b">t.p. (M.M. Golanskiĭ) colophon (Mark Mikhaĭlovich Golanskiĭ)</subfield>
  </datafield>
  <datafield tag="670" ind1=" " ind2=" ">
    <subfield code="a">Budushchee mirovoĭ ėkonomiki i perspektivy Rossii, 1994:</subfield>
    <subfield code="b">t.p. (M.M. Golanskiĭ) colophon (Golanskiĭ Mark Mikhaĭlovich) p. 142 (Mark Golansky's)</subfield>
  </datafield>
  <datafield tag="670" ind1=" " ind2=" ">
    <subfield code="a">Vzlet i padenie globalʹnoĭ ėkonomiki, 1999:</subfield>
    <subfield code="b">cover p. 4 (Mark Mikhaĭlovich Golanskiĭ, 1923-1997)</subfield>
  </datafield>
</record>